@inproceedings{brownLanguageModelsAre2020,
  title     = {Language {{Models}} Are {{Few-Shot Learners}}},
  booktitle = {Advances in {{Neural Information Processing Systems}}},
  author    = {Brown, Tom and Mann, Benjamin and Ryder, Nick and Subbiah, Melanie and Kaplan, Jared D and Dhariwal, Prafulla and Neelakantan, Arvind and Shyam, Pranav and Sastry, Girish and Askell, Amanda and Agarwal, Sandhini and {Herbert-Voss}, Ariel and Krueger, Gretchen and Henighan, Tom and Child, Rewon and Ramesh, Aditya and Ziegler, Daniel and Wu, Jeffrey and Winter, Clemens and Hesse, Chris and Chen, Mark and Sigler, Eric and Litwin, Mateusz and Gray, Scott and Chess, Benjamin and Clark, Jack and Berner, Christopher and McCandlish, Sam and Radford, Alec and Sutskever, Ilya and Amodei, Dario},
  year      = {2020},
  volume    = {33},
  pages     = {1877--1901},
  address   = {Vancouver, Canada},
  publisher = {Curran Associates, Inc.}
}

@article{chenPolishingModelMachineGenerated2024,
  title   = {A {{Polishing Model}} for {{Machine-Generated Ancient Chinese Poetry}}},
  author  = {Chen, Zhe and Cao, Yang},
  year    = {2024},
  journal = {Neural Processing Letters},
  volume  = {56},
  number  = {2},
  pages   = {77},
  issn    = {1573-773X},
  doi     = {10.1007/s11063-024-11480-9}
}

@article{dengIterativePolishingFramework2020,
  title     = {An {{Iterative Polishing Framework Based}} on {{Quality Aware Masked Language Model}} for {{Chinese Poetry Generation}}},
  author    = {Deng, Liming and Wang, Jie and Liang, Hangming and Chen, Hui and Xie, Zhiqiang and Zhuang, Bojin and Wang, Shaojun and Xiao, Jing},
  year      = {2020},
  journal   = {Proceedings of the AAAI Conference on Artificial Intelligence},
  volume    = {34},
  number    = {05},
  pages     = {7643--7650},
  issn      = {2374-3468},
  doi       = {10.1609/aaai.v34i05.6265},
  copyright = {Copyright (c) 2020 Association for the Advancement of Artificial Intelligence}
}

@article{doshi-velezRigorousScienceInterpretable2017,
  title         = {Towards {{A Rigorous Science}} of {{Interpretable Machine Learning}}},
  author        = {{Doshi-Velez}, Finale and Kim, Been},
  year          = {2017},
  number        = {arXiv:1702.08608},
  eprint        = {1702.08608},
  primaryclass  = {stat},
  publisher     = {arXiv},
  doi           = {10.48550/arXiv.1702.08608},
  archiveprefix = {arXiv}
}

@article{huPoetryDiffusionJointSemantic2024,
  title      = {{{PoetryDiffusion}}: {{Towards Joint Semantic}} and {{Metrical Manipulation}} in {{Poetry Generation}}},
  shorttitle = {{{PoetryDiffusion}}},
  author     = {Hu, Zhiyuan and Liu, Chumin and Feng, Yue and Luu, Anh Tuan and Hooi, Bryan},
  year       = {2024},
  journal    = {Proceedings of the AAAI Conference on Artificial Intelligence},
  volume     = {38},
  number     = {16},
  pages      = {18279--18288},
  issn       = {2374-3468},
  doi        = {10.1609/aaai.v38i16.29787},
  copyright  = {Copyright (c) 2024 Association for the Advancement of Artificial Intelligence}
}

@inproceedings{liDiversityPromotingObjectiveFunction2016,
  title     = {A {{Diversity-Promoting Objective Function}} for {{Neural Conversation Models}}},
  booktitle = {Proceedings of the 2016 {{Conference}} of the {{North American Chapter}} of the {{Association}} for {{Computational Linguistics}}: {{Human Language Technologies}}},
  author    = {Li, Jiwei and Galley, Michel and Brockett, Chris and Gao, Jianfeng and Dolan, Bill},
  editor    = {Knight, Kevin and Nenkova, Ani and Rambow, Owen},
  year      = {2016},
  pages     = {110--119},
  publisher = {Association for Computational Linguistics},
  address   = {San Diego, California},
  doi       = {10.18653/v1/N16-1014}
}

@inproceedings{linROUGEPackageAutomatic2004,
  title      = {{{ROUGE}}: {{A Package}} for {{Automatic Evaluation}} of {{Summaries}}},
  shorttitle = {{{ROUGE}}},
  booktitle  = {Text {{Summarization Branches Out}}},
  author     = {Lin, Chin-Yew},
  year       = {2004},
  pages      = {74--81},
  publisher  = {Association for Computational Linguistics},
  address    = {Barcelona, Spain}
}

@inproceedings{liRigidFormatsControlled2020,
  title     = {Rigid {{Formats Controlled Text Generation}}},
  booktitle = {Proceedings of the 58th {{Annual Meeting}} of the {{Association}} for {{Computational Linguistics}}},
  author    = {Li, Piji and Zhang, Haisong and Liu, Xiaojiang and Shi, Shuming},
  editor    = {Jurafsky, Dan and Chai, Joyce and Schluter, Natalie and Tetreault, Joel},
  year      = {2020},
  pages     = {742--751},
  publisher = {Association for Computational Linguistics},
  address   = {Online},
  doi       = {10.18653/v1/2020.acl-main.68}
}

@article{liuDeepPoetryChinese2020,
  title      = {Deep {{Poetry}}: {{A Chinese Classical Poetry Generation System}}},
  shorttitle = {Deep {{Poetry}}},
  author     = {Liu, Yusen and Liu, Dayiheng and Lv, Jiancheng},
  year       = {2020},
  journal    = {Proceedings of the AAAI Conference on Artificial Intelligence},
  volume     = {34},
  number     = {09},
  pages      = {13626--13627},
  issn       = {2374-3468},
  doi        = {10.1609/aaai.v34i09.7100},
  copyright  = {Copyright (c) 2020 Association for the Advancement of Artificial Intelligence}
}

@inproceedings{liuImages2PoemGeneratingChinese2018,
  title      = {{{Images2Poem}}: {{Generating Chinese Poetry}} from {{Image Streams}}},
  shorttitle = {{{Images2Poem}}},
  booktitle  = {Proceedings of the 26th {{ACM}} International Conference on {{Multimedia}}},
  author     = {Liu, Lixin and Wan, Xiaojun and Guo, Zongming},
  year       = {2018},
  series     = {{{MM}} '18},
  pages      = {1967--1975},
  publisher  = {Association for Computing Machinery},
  address    = {New York, NY, USA},
  doi        = {10.1145/3240508.3241910},
  isbn       = {978-1-4503-5665-7}
}

@inproceedings{liuMultiModalChinesePoetry2018,
  title     = {A {{Multi-Modal Chinese Poetry Generation Model}}},
  booktitle = {2018 {{International Joint Conference}} on {{Neural Networks}} ({{IJCNN}})},
  author    = {Liu, Dayiheng and Guo, Quan and Li, Wubo and Lv, Jiancheng},
  year      = {2018},
  pages     = {1--8},
  issn      = {2161-4407},
  doi       = {10.1109/IJCNN.2018.8489579}
}

@inproceedings{maYuShengHumaninLoop2023,
  title      = {Yu {{Sheng}}: {{Human-in-Loop Classical Chinese Poetry Generation System}}},
  shorttitle = {Yu {{Sheng}}},
  booktitle  = {Proceedings of the 17th {{Conference}} of the {{European Chapter}} of the {{Association}} for {{Computational Linguistics}}: {{System Demonstrations}}},
  author     = {Ma, Jingkun and Zhan, Runzhe and Wong, Derek F.},
  editor     = {Croce, Danilo and Soldaini, Luca},
  year       = {2023},
  pages      = {57--66},
  publisher  = {Association for Computational Linguistics},
  address    = {Dubrovnik, Croatia},
  doi        = {10.18653/v1/2023.eacl-demo.8}
}

@inproceedings{papineniBLEUMethodAutomatic2002,
  title      = {{{BLEU}}: A {{Method}} for {{Automatic Evaluation}} of {{Machine Translation}}},
  shorttitle = {Bleu},
  booktitle  = {Proceedings of the 40th {{Annual Meeting}} of the {{Association}} for {{Computational Linguistics}}},
  author     = {Papineni, Kishore and Roukos, Salim and Ward, Todd and Zhu, Wei-Jing},
  editor     = {Isabelle, Pierre and Charniak, Eugene and Lin, Dekang},
  year       = {2002},
  pages      = {311--318},
  publisher  = {Association for Computational Linguistics},
  address    = {Philadelphia, Pennsylvania, USA},
  doi        = {10.3115/1073083.1073135}
}

@inproceedings{radfordLearningTransferableVisual2021,
  title     = {Learning {{Transferable Visual Models From Natural Language Supervision}}},
  booktitle = {Proceedings of the 38th {{International Conference}} on {{Machine Learning}}},
  author    = {Radford, Alec and Kim, Jong Wook and Hallacy, Chris and Ramesh, Aditya and Goh, Gabriel and Agarwal, Sandhini and Sastry, Girish and Askell, Amanda and Mishkin, Pamela and Clark, Jack and Krueger, Gretchen and Sutskever, Ilya},
  year      = {2021},
  pages     = {8748--8763},
  publisher = {PMLR},
  address   = {Online},
  issn      = {2640-3498}
}

@article{renGeneratingChinesePoetry2023,
  title   = {Generating {{Chinese Poetry}} from {{Images Based}} on {{Deep Learning}}},
  author  = {Ren, Xuelian and Chai, Xiaolong and Mao, Mingzhi},
  year    = {2023},
  journal = {Proceedings of the 2023 3rd International Conference on Big Data, Artificial Intelligence and Risk Management},
  series  = {{{ACM Other}} Conferences},
  pages   = {134--138},
  issn    = {9798400716478},
  doi     = {10.1145/3656766.3656790}
}

@article{saraviaPromptEngineeringGuide2022,
  title     = {Prompt {{Engineering Guide}}},
  author    = {Saravia, Elvis},
  year      = {2022},
  journal   = {https://github.com/dair-ai/Prompt-Engineering-Guide},
  copyright = {MIT}
}

@inproceedings{shaoSentimentStyleControllable2021,
  title     = {A {{Sentiment}} and {{Style Controllable Approach}} for {{Chinese Poetry Generation}}},
  booktitle = {Proceedings of the 30th {{ACM International Conference}} on {{Information}} \& {{Knowledge Management}}},
  author    = {Shao, Yizhan and Shao, Tong and Wang, Minghao and Wang, Peng and Gao, Jie},
  year      = {2021},
  series    = {{{CIKM}} '21},
  pages     = {4784--4788},
  publisher = {Association for Computing Machinery},
  address   = {New York, NY, USA},
  doi       = {10.1145/3459637.3481964},
  isbn      = {978-1-4503-8446-9}
}

@inproceedings{wangChinesePoetryGeneration2016,
  title     = {Chinese {{Poetry Generation}} with {{Planning}} Based {{Neural Network}}},
  booktitle = {Proceedings of {{COLING}} 2016, the 26th {{International Conference}} on {{Computational Linguistics}}: {{Technical Papers}}},
  author    = {Wang, Zhe and He, Wei and Wu, Hua and Wu, Haiyang and Li, Wei and Wang, Haifeng and Chen, Enhong},
  editor    = {Matsumoto, Yuji and Prasad, Rashmi},
  year      = {2016},
  pages     = {1051--1060},
  publisher = {The COLING 2016 Organizing Committee},
  address   = {Osaka, Japan}
}

@article{wangSelfConsistencyImprovesChain2023a,
  title         = {Self-{{Consistency Improves Chain}} of {{Thought Reasoning}} in {{Language Models}}},
  author        = {Wang, Xuezhi and Wei, Jason and Schuurmans, Dale and Le, Quoc and Chi, Ed and Narang, Sharan and Chowdhery, Aakanksha and Zhou, Denny},
  year          = {2023},
  number        = {arXiv:2203.11171},
  eprint        = {2203.11171},
  primaryclass  = {cs},
  publisher     = {arXiv},
  doi           = {10.48550/arXiv.2203.11171},
  archiveprefix = {arXiv}
}

@article{weiChainofThoughtPromptingElicits2022,
  title   = {Chain-of-{{Thought Prompting Elicits Reasoning}} in {{Large Language Models}}},
  author  = {Wei, Jason and Wang, Xuezhi and Schuurmans, Dale and Bosma, Maarten and Ichter, Brian and Xia, Fei and Chi, Ed and Le, Quoc V. and Zhou, Denny},
  year    = {2022},
  journal = {Advances in Neural Information Processing Systems},
  volume  = {35},
  pages   = {24824--24837}
}

@article{wuGenerateClassicalChinese2021,
  title   = {Generate Classical {{Chinese}} Poems with Theme-Style from Images},
  author  = {Wu, Chunlei and Wang, Jiangnan and Yuan, Shaozu and Wang, Leiquan and Zhang, Weishan},
  year    = {2021},
  journal = {Pattern Recognition Letters},
  volume  = {149},
  pages   = {75--82},
  issn    = {0167-8655},
  doi     = {10.1016/j.patrec.2021.05.016}
}

@article{xuHowImagesInspire2018,
  title      = {How {{Images Inspire Poems}}: {{Generating Classical Chinese Poetry}} from {{Images}} with {{Memory Networks}}},
  shorttitle = {How {{Images Inspire Poems}}},
  author     = {Xu, Linli and Jiang, Liang and Qin, Chuan and Wang, Zhe and Du, Dongfang},
  year       = {2018},
  journal    = {Proceedings of the AAAI Conference on Artificial Intelligence},
  volume     = {32},
  pages = {5618-5625},
  number     = {1},
  issn       = {2374-3468},
  doi        = {10.1609/aaai.v32i1.12001},
  copyright  = {Copyright (c)}
}

@inproceedings{yiGeneratingChineseClassical2017,
  title     = {Generating {{Chinese Classical Poems}} with {{RNN Encoder-Decoder}}},
  booktitle = {Chinese {{Computational Linguistics}} and {{Natural Language Processing Based}} on {{Naturally Annotated Big Data}}},
  author    = {Yi, Xiaoyuan and Li, Ruoyu and Sun, Maosong},
  editor    = {Sun, Maosong and Wang, Xiaojie and Chang, Baobao and Xiong, Deyi},
  year      = {2017},
  pages     = {211--223},
  publisher = {Springer International Publishing},
  address   = {Cham},
  doi       = {10.1007/978-3-319-69005-6_18},
  isbn      = {978-3-319-69005-6}
}

@inproceedings{yuCharPoetChineseClassical2024,
  title      = {{{CharPoet}}: {{A Chinese Classical Poetry Generation System Based}} on {{Token-free LLM}}},
  shorttitle = {{{CharPoet}}},
  booktitle  = {Proceedings of the 62nd {{Annual Meeting}} of the {{Association}} for {{Computational Linguistics}} ({{Volume}} 3: {{System Demonstrations}})},
  author     = {Yu, Chengyue and Zang, Lei and Wang, Jiaotuan and Zhuang, Chenyi and Gu, Jinjie},
  editor     = {Cao, Yixin and Feng, Yang and Xiong, Deyi},
  year       = {2024},
  pages      = {315--325},
  publisher  = {Association for Computational Linguistics},
  address    = {Bangkok, Thailand}
}

@inproceedings{zhangChinesePoetryGeneration2014,
  title     = {Chinese {{Poetry Generation}} with {{Recurrent Neural Networks}}},
  booktitle = {Proceedings of the 2014 {{Conference}} on {{Empirical Methods}} in {{Natural Language Processing}} ({{EMNLP}})},
  author    = {Zhang, Xingxing and Lapata, Mirella},
  editor    = {Moschitti, Alessandro and Pang, Bo and Daelemans, Walter},
  year      = {2014},
  pages     = {670--680},
  publisher = {Association for Computational Linguistics},
  address   = {Doha, Qatar},
  doi       = {10.3115/v1/D14-1074}
}

@article{zhangERNIEEnhancedLanguage2019,
  title         = {{{ERNIE}}: {{Enhanced Language Representation}} with {{Informative Entities}}},
  shorttitle    = {{{ERNIE}}},
  author        = {Zhang, Zhengyan and Han, Xu and Liu, Zhiyuan and Jiang, Xin and Sun, Maosong and Liu, Qun},
  year          = {2019},
  number        = {arXiv:1905.07129},
  eprint        = {1905.07129},
  primaryclass  = {cs},
  publisher     = {arXiv},
  doi           = {10.48550/arXiv.1905.07129},
  archiveprefix = {arXiv}
}

@inproceedings{zhipengJiugeHumanMachineCollaborative2019,
  title      = {Jiuge: {{A Human-Machine Collaborative Chinese Classical Poetry Generation System}}},
  shorttitle = {Jiuge},
  booktitle  = {Proceedings of the 57th {{Annual Meeting}} of the {{Association}} for {{Computational Linguistics}}: {{System Demonstrations}}},
  author     = {Zhipeng, Guo and Yi, Xiaoyuan and Sun, Maosong and Li, Wenhao and Yang, Cheng and Liang, Jiannan and Chen, Huimin and Zhang, Yuhui and Li, Ruoyu},
  editor     = {{Costa-juss{\`a}}, Marta R. and Alfonseca, Enrique},
  year       = {2019},
  pages      = {25--30},
  publisher  = {Association for Computational Linguistics},
  address    = {Florence, Italy},
  doi        = {10.18653/v1/P19-3005}
}

@article{zhuMiniGPT4EnhancingVisionLanguage2023,
  title         = {{{MiniGPT-4}}: {{Enhancing Vision-Language Understanding}} with {{Advanced Large Language Models}}},
  shorttitle    = {{{MiniGPT-4}}},
  author        = {Zhu, Deyao and Chen, Jun and Shen, Xiaoqian and Li, Xiang and Elhoseiny, Mohamed},
  year          = {2023},
  number        = {arXiv:2304.10592},
  eprint        = {2304.10592},
  primaryclass  = {cs},
  publisher     = {arXiv},
  doi           = {10.48550/arXiv.2304.10592},
  archiveprefix = {arXiv}
}
@article{oliveira2012poetryme,
  title     = {PoeTryMe: a versatile platform for poetry generation},
  author    = {Oliveira, Hugo Gon{\c{c}}alo},
  journal   = {Computational Creativity, Concept Invention, and General Intelligence},
  volume    = {1},
  pages     = {21},
  year      = {2012},
  publisher = {Citeseer}
}
@inproceedings{yanPoetAutomaticChinese2013,
  title      = {I, Poet: Automatic {{Chinese}} Poetry Composition through a Generative Summarization Framework under Constrained Optimization},
  shorttitle = {I, Poet},
  booktitle  = {Proceedings of the {{Twenty-Third}} International Joint Conference on {{Artificial Intelligence}}},
  author     = {Yan, Rui and Jiang, Han and Lapata, Mirella and Lin, Shou-De and Lv, Xueqiang and Li, Xiaoming},
  year       = {2013},
  series     = {{{IJCAI}} '13},
  pages      = {2197--2203},
  publisher  = {AAAI Press},
  address    = {Beijing, China},
  isbn       = {978-1-57735-633-2}
}

@article{heGeneratingChineseClassical2012,
  title     = {Generating {{Chinese Classical Poems}} with {{Statistical Machine Translation Models}}},
  author    = {He, Jing and Zhou, Ming and Jiang, Long},
  year      = {2012},
  journal   = {Proceedings of the AAAI Conference on Artificial Intelligence},
  volume    = {26},
  number    = {1},
  pages     = {1650--1656},
  issn      = {2374-3468},
  doi       = {10.1609/aaai.v26i1.8344},
  copyright = {Copyright (c) 2021 Proceedings of the AAAI Conference on Artificial Intelligence}
}
@article{deepseek-aiDeepSeekR1IncentivizingReasoning2025,
  title         = {{{DeepSeek-R1}}: {{Incentivizing Reasoning Capability}} in {{LLMs}} via {{Reinforcement Learning}}},
  shorttitle    = {{{DeepSeek-R1}}},
  author        = {{DeepSeek-AI}},
  year          = {2025},
  number        = {arXiv:2501.12948},
  eprint        = {2501.12948},
  primaryclass  = {cs.CL},
  publisher     = {arXiv},
  doi           = {10.48550/arXiv.2501.12948},
  archiveprefix = {arXiv}
}

@article{luDeepSeekVLRealWorldVisionLanguage2024,
  title         = {{{DeepSeek-VL}}: {{Towards Real-World Vision-Language Understanding}}},
  shorttitle    = {{{DeepSeek-VL}}},
  author        = {Lu, Haoyu and Liu, Wen and Zhang, Bo and Wang, Bingxuan and Dong, Kai and Liu, Bo and Sun, Jingxiang and Ren, Tongzheng and Li, Zhuoshu and Yang, Hao and Sun, Yaofeng and Deng, Chengqi and Xu, Hanwei and Xie, Zhenda and Ruan, Chong},
  year          = {2024},
  number        = {arXiv:2403.05525},
  eprint        = {2403.05525},
  primaryclass  = {cs},
  publisher     = {arXiv},
  doi           = {10.48550/arXiv.2403.05525},
  archiveprefix = {arXiv}
}

@article{wuDeepSeekVL2MixtureofExpertsVisionLanguage2024,
  title = {{{DeepSeek-VL2}}: {{Mixture-of-Experts Vision-Language Models}} for {{Advanced Multimodal Understanding}}},
  shorttitle = {{{DeepSeek-VL2}}},
  author = {Wu, Zhiyu and Chen, Xiaokang and Pan, Zizheng and Liu, Xingchao and Liu, Wen and Dai, Damai and Gao, Huazuo and Ma, Yiyang and Wu, Chengyue and Wang, Bingxuan and Xie, Zhenda and Wu, Yu and Hu, Kai and Wang, Jiawei and Sun, Yaofeng and Li, Yukun and Piao, Yishi and Guan, Kang and Liu, Aixin and Xie, Xin and You, Yuxiang and Dong, Kai and Yu, Xingkai and Zhang, Haowei and Zhao, Liang and Wang, Yisong and Ruan, Chong},
  year = {2024},
  number = {arXiv:2412.10302},
  eprint = {2412.10302},
  primaryclass = {cs},
  publisher = {arXiv},
  doi = {10.48550/arXiv.2412.10302},
  archiveprefix = {arXiv}
}


@masterthesis{LiFengGeHeQingGanKongZhiDeZhongGuoGuShiShengCheng2022,
  title    = {风格和情感控制的中国古诗生成},
  author   = {李, 晓辰},
  year     = {2022},
  school   = {哈尔滨工业大学},
  address  = {哈尔滨},
  language = {zh}
}
@masterthesis{CengShengChengShiYuYanMoXingZaiGuShiShengChengZhongDeYouHua2024,
  title    = {生成式语言模型在古诗生成中的优化},
  author   = {曾, 柯},
  year     = {2024},
  school   = {华东师范大学},
  address  = {上海},
  language = {zh}
}


@article{ZhongYiZhongQingGanKeKongDeGuShiZiDongShengChengMoXing2023,
  title    = {一种情感可控的古诗自动生成模型},
  author   = {钟, 志峰 and 晏, 阳天 and 何, 佳伟 and 夏, 一帆 and 张, 龑},
  year     = {2023},
  journal  = {现代电子技术},
  volume   = {46},
  number   = {4},
  pages    = {154--160},
  doi      = {10.16652/j.issn.1004-373x.2023.04.028},
  language = {zh}
}

@article{WangJiYuSeq2SeqMoXingDeZiDingYiGuShiShengCheng2020,
  title    = {{{基于Seq2Seq模型的自定义古诗生成}}},
  author   = {王, 乐为 and 余, 鹰 and 张, 应龙},
  year     = {2020},
  journal  = {计算机科学与探索},
  volume   = {14},
  number   = {6},
  pages    = {1028--1035},
  doi      = {10.3778/j.issn.1673-9418.1905016},
  language = {zh}
}




@article{ZhouYiZhongSongCiZiDongShengChengDeYiChuanSuanFaJiQiJiQiShiXian2010,
  title = {{一种宋词自动生成的遗传算法及其机器实现}},
  author = {周, 昌乐 and 游, 维 and 丁, 晓君},
  year = {2010},
  journal = {软件学报},
  volume = {21},
  number = {3},
  pages = {427--437},
  issn = {1000-9825},
  doi = {10.3724/SP.J.1001.2010.03596},
  language = {zh}
}

@article{wietingUniversalParaphrasticSentence2016a,
  title = {Towards {{Universal Paraphrastic Sentence Embeddings}}},
  author = {Wieting, John and Bansal, Mohit and Gimpel, Kevin and Livescu, Karen},
  year = {2016},
  number = {arXiv:1511.08198},
  eprint = {1511.08198},
  primaryclass = {cs},
  publisher = {arXiv},
  doi = {10.48550/arXiv.1511.08198},
  archiveprefix = {arXiv}
}

@inproceedings{yangLargeModelBased2024,
  title = {Large {{Model Based Crossmodal Chinese Poetry Creation}}},
  booktitle = {2024 {{IEEE Smart World Congress}} ({{SWC}})},
  author = {Yang, Liwen and Zhang, Zhidong and Niu, Kaipeng and Pan, Sitian and Zhu, Weiping and Ma, Chao},
  year = {2024},
  pages = {27--34},
  issn = {2993-396X},
  address = {Nadi, Fiji},
  doi = {10.1109/SWC62898.2024.00034}
}
@inproceedings{liGeneratingClassicalChinese2018a,
  title = {Generating {{Classical Chinese Poems}} via {{Conditional Variational Autoencoder}} and {{Adversarial Training}}},
  booktitle = {Proceedings of the 2018 {{Conference}} on {{Empirical Methods}} in {{Natural Language Processing}}},
  author = {Li, Juntao and Song, Yan and Zhang, Haisong and Chen, Dongmin and Shi, Shuming and Zhao, Dongyan and Yan, Rui},
  editor = {Riloff, Ellen and Chiang, David and Hockenmaier, Julia and Tsujii, Jun'ichi},
  year = {2018},
  pages = {3890--3900},
  publisher = {Association for Computational Linguistics},
  address = {Brussels, Belgium},
  doi = {10.18653/v1/D18-1423}
}

@online{Bert-CCPoem,
  title = {Bert-CCPoem},
  author = {Guo, Zhipeng and Hu, Jinyi and Son, Maosong},
  url = {https://github.com/THUNLP-AIPoet/BERT-CCPoem},
  year = {2022},

}
@online{Gushiwenwang,
  title = {古诗文网},
  url = {https://www.gushiwen.cn/gushi/tangshi.aspx},
  year = {2025}
}

@online{sczg,
  title = {第六届“诗词中国”传统诗词创作大赛},
  url = {https://www.shicizhongguo.cn},
  year = {2023}
}
@online{rouge-chinese,
  title = {rouge-chinese},
  url = {https://github.com/Isaac-JL-Chen/rouge_chinese},
  year = {2022},
  author = {Chen, Jialin}
}

@inproceedings{bird-loper-2004-nltk,
    title = "{NLTK}: The Natural Language Toolkit",
    author = "Bird, Steven  and Loper, Edward",
    booktitle = "Proceedings of the {ACL} Interactive Poster and Demonstration Sessions",
    year = "2004",
    address = "Barcelona, Spain",
    publisher = "Association for Computational Linguistics",
    pages = "214--217"
}

@online{crispe,
  title     = {{{ChatGPT3-Free-Prompt-List}}},
  author    = {Nigh, Matt},
  year      = {2023},
  url = {https://github.com/mattnigh/ChatGPT3-Free-Prompt-List},
}

@article{WuRongHeYunLuTeZhengDeShiGeShengChengMoXing2024,
  title = {融合韵律特征的诗歌生成模型},
  author = {吴, 林东 and 何, 向真 and 万, 福成},
  year = {2024},
  journal = {计算机工程与应用},
  volume = {60},
  number = {13},
  pages = {162--170},
  issn = {1002-8331},
  doi = {10.3778/j.issn.1002-8331.2303-0477},
  language = {zh}
}

@article{LiFeiYueTangShiGeLuDeTongJiFenXiJiWenTi2022,
  title = {唐诗格律的统计分析及问题},
  author = {李, 飞跃},
  year = {2022},
  journal = {文学遗产},
  volume = {},
  number = {05},
  pages = {44-56},
  issn = {0257-5914},
  language = {zh}
}
@phdthesis{唐代诗格声律论研究,
  title    = {唐代诗格声律论研究},
  author   = {刘, 若缇},
  year     = {2011},
  school   = {淡江大学},
  address  = {新北},
  language = {zh}
}